@book{cormen_introduction_2001,
  title = {Introduction {{To Algorithms}}},
  author = {Cormen, T.H. and Leiserson, C.E. and Stein, C. and Rivest, R.},
  editor = {Cormen, T.H. and {MIT Press} and {McGraw-Hill Publishing Company}},
  year = {2001},
  series = {Introduction to {{Algorithms}}},
  publisher = {{MIT Press}},
  collaborator = {Books24x7, Inc and {Massachusetts Institute of Technology}},
  isbn = {978-0-262-03293-3}
}

@misc{markus_tcl_2008,
  title = {Tcl {{Math Library}}: {{Linear Algebra}}},
  author = {Markus, Arjen and Hume, Ed and Buadin, Michael},
  year = {2008}
}

@article{mckenna_nonlinear_2010,
  title = {Nonlinear {{Finite-Element Analysis Software Architecture Using Object Composition}}},
  author = {McKenna, Frank and Scott, Michael H and Fenves, Gregory L},
  year = {2010},
  journal = {Journal of Computing in Civil Engineering},
  volume = {24},
  number = {1},
  pages = {95--107},
  publisher = {{American Society of Civil Engineers}},
  address = {{Reston, VA}},
  issn = {0887-3801},
  doi = {10.1061/(ASCE)CP.1943-5487.0000002},
  keywords = {Applied sciences,Architecture,Buildings. Public works,Computation methods. Tables. Charts,Computer programs,Engineering,Exact sciences and technology,Finite element method,Image processing,Methods,Research,Structural analysis. Stresses,TECHNICAL PAPERS,Technology application,Usage},
  file = {G\:\\My Drive\\Research\\Articles\\McKenna-2010.pdf}
}

@book{ousterhout_tcl_1989,
  title = {Tcl: {{An}} Embeddable Command Language},
  author = {Ousterhout, John K},
  year = {1989},
  publisher = {{University of California, Berkeley, Computer Science Division}},
  file = {G\:\\My Drive\\Research\\Articles\\Ousterhout-1989.pdf}
}


